<record><leader>00000cas a22000007a 4500</leader><controlfield tag="001">12115700</controlfield><controlfield tag="008">850604d1895194uwiuwr ne      0    0eng d</controlfield><datafield ind1=" " ind2=" " tag="010"><subfield code="a">sn 85040775 </subfield></datafield><datafield ind1=" " ind2=" " tag="040"><subfield code="a">NPV</subfield><subfield code="b">eng</subfield><subfield code="c">NPV</subfield><subfield code="d">OCLCQ</subfield></datafield><datafield ind1=" " ind2=" " tag="042"><subfield code="a">msc</subfield></datafield><datafield ind1="0" ind2=" " tag="130"><subfield code="a">Independent (Wausaukee, Wis.)</subfield></datafield><datafield ind1="1" ind2="4" tag="245"><subfield code="a">The independent.</subfield></datafield><datafield ind1=" " ind2=" " tag="260"><subfield code="a">Wausaukee, Wis. :</subfield><subfield code="b">Winther &amp; Douville,</subfield><subfield code="c">1895-</subfield></datafield><datafield ind1=" " ind2=" " tag="300"><subfield code="a">v. :</subfield><subfield code="b">ill.</subfield></datafield><datafield ind1=" " ind2=" " tag="310"><subfield code="a">Weekly</subfield></datafield><datafield ind1="0" ind2=" " tag="362"><subfield code="a">Vol. 1, no. 1 (Oct. 26, 1895)-</subfield></datafield><datafield ind1=" " ind2=" " tag="500"><subfield code="a">Publisher varies.</subfield></datafield><datafield ind1=" " ind2=" " tag="525"><subfield code="a">Supplements accompany some issues.</subfield></datafield><datafield ind1=" " ind2=" " tag="752"><subfield code="a">United States</subfield><subfield code="b">Wisconsin</subfield><subfield code="c">Marinette</subfield><subfield code="d">Wausaukee.</subfield></datafield></record>